%YAML 1.1
%TAG !u! tag:unity3d.com,2011:
--- !u!1 &1395687316384572482
GameObject:
  m_ObjectHideFlags: 0
  m_CorrespondingSourceObject: {fileID: 0}
  m_PrefabInstance: {fileID: 0}
  m_PrefabAsset: {fileID: 0}
  serializedVersion: 6
  m_Component:
  - component: {fileID: 3601224851665532588}
  - component: {fileID: 4291094751366362357}
  m_Layer: 5
  m_Name: Output
  m_TagString: Untagged
  m_Icon: {fileID: 0}
  m_NavMeshLayer: 0
  m_StaticEditorFlags: 0
  m_IsActive: 1
--- !u!224 &3601224851665532588
RectTransform:
  m_ObjectHideFlags: 0
  m_CorrespondingSourceObject: {fileID: 0}
  m_PrefabInstance: {fileID: 0}
  m_PrefabAsset: {fileID: 0}
  m_GameObject: {fileID: 1395687316384572482}
  m_LocalRotation: {x: 0, y: 0, z: 0, w: 1}
  m_LocalPosition: {x: 0, y: 0, z: 0}
  m_LocalScale: {x: 1, y: 1, z: 1}
  m_Children:
  - {fileID: 7574672825892846293}
  m_Father: {fileID: 5416549496834251845}
  m_RootOrder: 2
  m_LocalEulerAnglesHint: {x: 0, y: 0, z: 0}
  m_AnchorMin: {x: 0, y: 1}
  m_AnchorMax: {x: 1, y: 1}
  m_AnchoredPosition: {x: 0, y: -20}
  m_SizeDelta: {x: 0, y: 60}
  m_Pivot: {x: 0, y: 1}
--- !u!222 &4291094751366362357
CanvasRenderer:
  m_ObjectHideFlags: 0
  m_CorrespondingSourceObject: {fileID: 0}
  m_PrefabInstance: {fileID: 0}
  m_PrefabAsset: {fileID: 0}
  m_GameObject: {fileID: 1395687316384572482}
  m_CullTransparentMesh: 0
--- !u!1 &2363783651781015074
GameObject:
  m_ObjectHideFlags: 0
  m_CorrespondingSourceObject: {fileID: 0}
  m_PrefabInstance: {fileID: 0}
  m_PrefabAsset: {fileID: 0}
  serializedVersion: 6
  m_Component:
  - component: {fileID: 7819737341793968037}
  - component: {fileID: 3286066043672298296}
  - component: {fileID: 5954295929225854648}
  m_Layer: 5
  m_Name: Input
  m_TagString: Untagged
  m_Icon: {fileID: 0}
  m_NavMeshLayer: 0
  m_StaticEditorFlags: 0
  m_IsActive: 1
--- !u!224 &7819737341793968037
RectTransform:
  m_ObjectHideFlags: 0
  m_CorrespondingSourceObject: {fileID: 0}
  m_PrefabInstance: {fileID: 0}
  m_PrefabAsset: {fileID: 0}
  m_GameObject: {fileID: 2363783651781015074}
  m_LocalRotation: {x: 0, y: 0, z: 0, w: 1}
  m_LocalPosition: {x: 0, y: 0, z: 0}
  m_LocalScale: {x: 1, y: 1, z: 1}
  m_Children:
  - {fileID: 1967787609498919327}
  - {fileID: 1591675783011555700}
  m_Father: {fileID: 5416549496834251845}
  m_RootOrder: 1
  m_LocalEulerAnglesHint: {x: 0, y: 0, z: 0}
  m_AnchorMin: {x: 0, y: 1}
  m_AnchorMax: {x: 1, y: 1}
  m_AnchoredPosition: {x: 0, y: -20}
  m_SizeDelta: {x: 0, y: 60}
  m_Pivot: {x: 0, y: 1}
--- !u!222 &3286066043672298296
CanvasRenderer:
  m_ObjectHideFlags: 0
  m_CorrespondingSourceObject: {fileID: 0}
  m_PrefabInstance: {fileID: 0}
  m_PrefabAsset: {fileID: 0}
  m_GameObject: {fileID: 2363783651781015074}
  m_CullTransparentMesh: 0
--- !u!114 &5954295929225854648
MonoBehaviour:
  m_ObjectHideFlags: 0
  m_CorrespondingSourceObject: {fileID: 0}
  m_PrefabInstance: {fileID: 0}
  m_PrefabAsset: {fileID: 0}
  m_GameObject: {fileID: 2363783651781015074}
  m_Enabled: 1
  m_EditorHideFlags: 0
  m_Script: {fileID: 11500000, guid: fe87c0e1cc204ed48ad3b37840f39efc, type: 3}
  m_Name: 
  m_EditorClassIdentifier: 
  m_Material: {fileID: 0}
  m_Color: {r: 1, g: 1, b: 1, a: 1}
  m_RaycastTarget: 1
  m_OnCullStateChanged:
    m_PersistentCalls:
      m_Calls: []
  m_Sprite: {fileID: 0}
  m_Type: 0
  m_PreserveAspect: 0
  m_FillCenter: 1
  m_FillMethod: 4
  m_FillAmount: 1
  m_FillClockwise: 1
  m_FillOrigin: 0
  m_UseSpriteMesh: 0
  m_PixelsPerUnitMultiplier: 1
--- !u!1 &5416549496834251844
GameObject:
  m_ObjectHideFlags: 0
  m_CorrespondingSourceObject: {fileID: 0}
  m_PrefabInstance: {fileID: 0}
  m_PrefabAsset: {fileID: 0}
  serializedVersion: 6
  m_Component:
  - component: {fileID: 5416549496834251845}
  - component: {fileID: 5416549496834251848}
  - component: {fileID: 5416549496834251851}
  - component: {fileID: 5416549496834251849}
  - component: {fileID: 7638815188982156474}
  m_Layer: 5
  m_Name: Multiply Vector
  m_TagString: Untagged
  m_Icon: {fileID: 0}
  m_NavMeshLayer: 0
  m_StaticEditorFlags: 0
  m_IsActive: 1
--- !u!224 &5416549496834251845
RectTransform:
  m_ObjectHideFlags: 0
  m_CorrespondingSourceObject: {fileID: 0}
  m_PrefabInstance: {fileID: 0}
  m_PrefabAsset: {fileID: 0}
  m_GameObject: {fileID: 5416549496834251844}
  m_LocalRotation: {x: 0, y: 0, z: 0, w: 1}
  m_LocalPosition: {x: 0, y: 0, z: 0}
  m_LocalScale: {x: 1, y: 1, z: 1}
  m_Children:
  - {fileID: 5416549496854518488}
  - {fileID: 7819737341793968037}
  - {fileID: 3601224851665532588}
  m_Father: {fileID: 0}
  m_RootOrder: 0
  m_LocalEulerAnglesHint: {x: 0, y: 0, z: 0}
  m_AnchorMin: {x: 0, y: 1}
  m_AnchorMax: {x: 0, y: 1}
  m_AnchoredPosition: {x: 500, y: -214}
  m_SizeDelta: {x: 200, y: 20}
  m_Pivot: {x: 0.5, y: 0.5}
--- !u!222 &5416549496834251848
CanvasRenderer:
  m_ObjectHideFlags: 0
  m_CorrespondingSourceObject: {fileID: 0}
  m_PrefabInstance: {fileID: 0}
  m_PrefabAsset: {fileID: 0}
  m_GameObject: {fileID: 5416549496834251844}
  m_CullTransparentMesh: 0
--- !u!114 &5416549496834251851
MonoBehaviour:
  m_ObjectHideFlags: 0
  m_CorrespondingSourceObject: {fileID: 0}
  m_PrefabInstance: {fileID: 0}
  m_PrefabAsset: {fileID: 0}
  m_GameObject: {fileID: 5416549496834251844}
  m_Enabled: 1
  m_EditorHideFlags: 0
  m_Script: {fileID: 11500000, guid: fe87c0e1cc204ed48ad3b37840f39efc, type: 3}
  m_Name: 
  m_EditorClassIdentifier: 
  m_Material: {fileID: 0}
  m_Color: {r: 0, g: 0.4811321, b: 0.10259438, a: 1}
  m_RaycastTarget: 1
  m_OnCullStateChanged:
    m_PersistentCalls:
      m_Calls: []
  m_Sprite: {fileID: 21300000, guid: 21223e3b62af39d4592448768db63c44, type: 3}
  m_Type: 0
  m_PreserveAspect: 0
  m_FillCenter: 1
  m_FillMethod: 4
  m_FillAmount: 1
  m_FillClockwise: 1
  m_FillOrigin: 0
  m_UseSpriteMesh: 0
  m_PixelsPerUnitMultiplier: 1
--- !u!114 &5416549496834251849
MonoBehaviour:
  m_ObjectHideFlags: 0
  m_CorrespondingSourceObject: {fileID: 0}
  m_PrefabInstance: {fileID: 0}
  m_PrefabAsset: {fileID: 0}
  m_GameObject: {fileID: 5416549496834251844}
  m_Enabled: 1
  m_EditorHideFlags: 0
  m_Script: {fileID: 11500000, guid: 6bc4534459486354c9f726cf3686ba38, type: 3}
  m_Name: 
  m_EditorClassIdentifier: 
  m_Delegates: []
--- !u!114 &7638815188982156474
MonoBehaviour:
  m_ObjectHideFlags: 0
  m_CorrespondingSourceObject: {fileID: 0}
  m_PrefabInstance: {fileID: 0}
  m_PrefabAsset: {fileID: 0}
  m_GameObject: {fileID: 5416549496834251844}
  m_Enabled: 1
  m_EditorHideFlags: 0
  m_Script: {fileID: 11500000, guid: 8421c313a31cb6044bc4f78d1818298b, type: 3}
  m_Name: 
  m_EditorClassIdentifier: 
  a: {fileID: 1967787609498919324}
  b: {fileID: 4067390937624546122}
  result: {fileID: 6905770984616250106}
--- !u!1 &5416549496854518491
GameObject:
  m_ObjectHideFlags: 0
  m_CorrespondingSourceObject: {fileID: 0}
  m_PrefabInstance: {fileID: 0}
  m_PrefabAsset: {fileID: 0}
  serializedVersion: 6
  m_Component:
  - component: {fileID: 5416549496854518488}
  - component: {fileID: 5416549496854518494}
  - component: {fileID: 5416549496854518489}
  m_Layer: 5
  m_Name: Text
  m_TagString: Untagged
  m_Icon: {fileID: 0}
  m_NavMeshLayer: 0
  m_StaticEditorFlags: 0
  m_IsActive: 1
--- !u!224 &5416549496854518488
RectTransform:
  m_ObjectHideFlags: 0
  m_CorrespondingSourceObject: {fileID: 0}
  m_PrefabInstance: {fileID: 0}
  m_PrefabAsset: {fileID: 0}
  m_GameObject: {fileID: 5416549496854518491}
  m_LocalRotation: {x: 0, y: 0, z: 0, w: 1}
  m_LocalPosition: {x: 0, y: 0, z: 0}
  m_LocalScale: {x: 1, y: 1, z: 1}
  m_Children: []
  m_Father: {fileID: 5416549496834251845}
  m_RootOrder: 0
  m_LocalEulerAnglesHint: {x: 0, y: 0, z: 0}
  m_AnchorMin: {x: 0, y: 0}
  m_AnchorMax: {x: 1, y: 1}
  m_AnchoredPosition: {x: 0, y: 0}
  m_SizeDelta: {x: -30, y: 0}
  m_Pivot: {x: 0.5, y: 0.5}
--- !u!222 &5416549496854518494
CanvasRenderer:
  m_ObjectHideFlags: 0
  m_CorrespondingSourceObject: {fileID: 0}
  m_PrefabInstance: {fileID: 0}
  m_PrefabAsset: {fileID: 0}
  m_GameObject: {fileID: 5416549496854518491}
  m_CullTransparentMesh: 0
--- !u!114 &5416549496854518489
MonoBehaviour:
  m_ObjectHideFlags: 0
  m_CorrespondingSourceObject: {fileID: 0}
  m_PrefabInstance: {fileID: 0}
  m_PrefabAsset: {fileID: 0}
  m_GameObject: {fileID: 5416549496854518491}
  m_Enabled: 1
  m_EditorHideFlags: 0
  m_Script: {fileID: 11500000, guid: 5f7201a12d95ffc409449d95f23cf332, type: 3}
  m_Name: 
  m_EditorClassIdentifier: 
  m_Material: {fileID: 0}
  m_Color: {r: 1, g: 1, b: 1, a: 1}
  m_RaycastTarget: 1
  m_OnCullStateChanged:
    m_PersistentCalls:
      m_Calls: []
  m_FontData:
    m_Font: {fileID: 10102, guid: 0000000000000000e000000000000000, type: 0}
    m_FontSize: 14
    m_FontStyle: 0
    m_BestFit: 0
    m_MinSize: 1
    m_MaxSize: 40
    m_Alignment: 0
    m_AlignByGeometry: 0
    m_RichText: 1
    m_HorizontalOverflow: 0
    m_VerticalOverflow: 0
    m_LineSpacing: 1
  m_Text: Multiply
--- !u!1001 &2052055315170796777
PrefabInstance:
  m_ObjectHideFlags: 0
  serializedVersion: 2
  m_Modification:
    m_TransformParent: {fileID: 3601224851665532588}
    m_Modifications:
    - target: {fileID: 8459160475850022461, guid: 6f86af9c30c12e64886524a14fd55105,
        type: 3}
      propertyPath: m_Name
      value: Connector Vector2
      objectReference: {fileID: 0}
    - target: {fileID: 8459160475850022460, guid: 6f86af9c30c12e64886524a14fd55105,
        type: 3}
      propertyPath: m_LocalPosition.x
      value: 0
      objectReference: {fileID: 0}
    - target: {fileID: 8459160475850022460, guid: 6f86af9c30c12e64886524a14fd55105,
        type: 3}
      propertyPath: m_LocalPosition.y
      value: 0
      objectReference: {fileID: 0}
    - target: {fileID: 8459160475850022460, guid: 6f86af9c30c12e64886524a14fd55105,
        type: 3}
      propertyPath: m_LocalPosition.z
      value: 0
      objectReference: {fileID: 0}
    - target: {fileID: 8459160475850022460, guid: 6f86af9c30c12e64886524a14fd55105,
        type: 3}
      propertyPath: m_LocalRotation.x
      value: 0
      objectReference: {fileID: 0}
    - target: {fileID: 8459160475850022460, guid: 6f86af9c30c12e64886524a14fd55105,
        type: 3}
      propertyPath: m_LocalRotation.y
      value: 0
      objectReference: {fileID: 0}
    - target: {fileID: 8459160475850022460, guid: 6f86af9c30c12e64886524a14fd55105,
        type: 3}
      propertyPath: m_LocalRotation.z
      value: 0
      objectReference: {fileID: 0}
    - target: {fileID: 8459160475850022460, guid: 6f86af9c30c12e64886524a14fd55105,
        type: 3}
      propertyPath: m_LocalRotation.w
      value: 1
      objectReference: {fileID: 0}
    - target: {fileID: 8459160475850022460, guid: 6f86af9c30c12e64886524a14fd55105,
        type: 3}
      propertyPath: m_RootOrder
      value: 0
      objectReference: {fileID: 0}
    - target: {fileID: 8459160475850022460, guid: 6f86af9c30c12e64886524a14fd55105,
        type: 3}
      propertyPath: m_LocalEulerAnglesHint.x
      value: 0
      objectReference: {fileID: 0}
    - target: {fileID: 8459160475850022460, guid: 6f86af9c30c12e64886524a14fd55105,
        type: 3}
      propertyPath: m_LocalEulerAnglesHint.y
      value: 0
      objectReference: {fileID: 0}
    - target: {fileID: 8459160475850022460, guid: 6f86af9c30c12e64886524a14fd55105,
        type: 3}
      propertyPath: m_LocalEulerAnglesHint.z
      value: 0
      objectReference: {fileID: 0}
    - target: {fileID: 8459160475850022460, guid: 6f86af9c30c12e64886524a14fd55105,
        type: 3}
      propertyPath: m_AnchoredPosition.x
      value: 0
      objectReference: {fileID: 0}
    - target: {fileID: 8459160475850022460, guid: 6f86af9c30c12e64886524a14fd55105,
        type: 3}
      propertyPath: m_AnchoredPosition.y
      value: 0
      objectReference: {fileID: 0}
    - target: {fileID: 8459160475850022460, guid: 6f86af9c30c12e64886524a14fd55105,
        type: 3}
      propertyPath: m_SizeDelta.x
      value: 10
      objectReference: {fileID: 0}
    - target: {fileID: 8459160475850022460, guid: 6f86af9c30c12e64886524a14fd55105,
        type: 3}
      propertyPath: m_SizeDelta.y
      value: 10
      objectReference: {fileID: 0}
    - target: {fileID: 8459160475850022460, guid: 6f86af9c30c12e64886524a14fd55105,
        type: 3}
      propertyPath: m_AnchorMin.x
      value: 1
      objectReference: {fileID: 0}
    - target: {fileID: 8459160475850022460, guid: 6f86af9c30c12e64886524a14fd55105,
        type: 3}
      propertyPath: m_AnchorMin.y
      value: 0.5
      objectReference: {fileID: 0}
    - target: {fileID: 8459160475850022460, guid: 6f86af9c30c12e64886524a14fd55105,
        type: 3}
      propertyPath: m_AnchorMax.x
      value: 1
      objectReference: {fileID: 0}
    - target: {fileID: 8459160475850022460, guid: 6f86af9c30c12e64886524a14fd55105,
        type: 3}
      propertyPath: m_AnchorMax.y
      value: 0.5
      objectReference: {fileID: 0}
    - target: {fileID: 8459160475850022460, guid: 6f86af9c30c12e64886524a14fd55105,
        type: 3}
      propertyPath: m_Pivot.x
      value: 0.5
      objectReference: {fileID: 0}
    - target: {fileID: 8459160475850022460, guid: 6f86af9c30c12e64886524a14fd55105,
        type: 3}
      propertyPath: m_Pivot.y
      value: 0.5
      objectReference: {fileID: 0}
    - target: {fileID: 4876386229927898643, guid: 6f86af9c30c12e64886524a14fd55105,
        type: 3}
      propertyPath: priority
      value: 5
      objectReference: {fileID: 0}
    m_RemovedComponents: []
  m_SourcePrefab: {fileID: 100100000, guid: 6f86af9c30c12e64886524a14fd55105, type: 3}
--- !u!224 &7574672825892846293 stripped
RectTransform:
  m_CorrespondingSourceObject: {fileID: 8459160475850022460, guid: 6f86af9c30c12e64886524a14fd55105,
    type: 3}
  m_PrefabInstance: {fileID: 2052055315170796777}
  m_PrefabAsset: {fileID: 0}
--- !u!114 &6905770984616250106 stripped
MonoBehaviour:
  m_CorrespondingSourceObject: {fileID: 4876386229927898643, guid: 6f86af9c30c12e64886524a14fd55105,
    type: 3}
  m_PrefabInstance: {fileID: 2052055315170796777}
  m_PrefabAsset: {fileID: 0}
  m_GameObject: {fileID: 0}
  m_Enabled: 1
  m_EditorHideFlags: 0
  m_Script: {fileID: 11500000, guid: 0d8fa55c7061f39419f5beb8960ed555, type: 3}
  m_Name: 
  m_EditorClassIdentifier: 
--- !u!1001 &2721953443336981706
PrefabInstance:
  m_ObjectHideFlags: 0
  serializedVersion: 2
  m_Modification:
    m_TransformParent: {fileID: 7819737341793968037}
    m_Modifications:
    - target: {fileID: 2360551179527125023, guid: 27fb7fa786cda224490e3e36dd237788,
        type: 3}
      propertyPath: m_Name
      value: b
      objectReference: {fileID: 0}
    - target: {fileID: 3733649624477357502, guid: 27fb7fa786cda224490e3e36dd237788,
        type: 3}
      propertyPath: m_LocalPosition.x
      value: 0
      objectReference: {fileID: 0}
    - target: {fileID: 3733649624477357502, guid: 27fb7fa786cda224490e3e36dd237788,
        type: 3}
      propertyPath: m_LocalPosition.y
      value: 0
      objectReference: {fileID: 0}
    - target: {fileID: 3733649624477357502, guid: 27fb7fa786cda224490e3e36dd237788,
        type: 3}
      propertyPath: m_LocalPosition.z
      value: 0
      objectReference: {fileID: 0}
    - target: {fileID: 3733649624477357502, guid: 27fb7fa786cda224490e3e36dd237788,
        type: 3}
      propertyPath: m_LocalRotation.x
      value: -0
      objectReference: {fileID: 0}
    - target: {fileID: 3733649624477357502, guid: 27fb7fa786cda224490e3e36dd237788,
        type: 3}
      propertyPath: m_LocalRotation.y
      value: -0
      objectReference: {fileID: 0}
    - target: {fileID: 3733649624477357502, guid: 27fb7fa786cda224490e3e36dd237788,
        type: 3}
      propertyPath: m_LocalRotation.z
      value: -0
      objectReference: {fileID: 0}
    - target: {fileID: 3733649624477357502, guid: 27fb7fa786cda224490e3e36dd237788,
        type: 3}
      propertyPath: m_LocalRotation.w
      value: 1
      objectReference: {fileID: 0}
    - target: {fileID: 3733649624477357502, guid: 27fb7fa786cda224490e3e36dd237788,
        type: 3}
      propertyPath: m_RootOrder
      value: 1
      objectReference: {fileID: 0}
    - target: {fileID: 3733649624477357502, guid: 27fb7fa786cda224490e3e36dd237788,
        type: 3}
      propertyPath: m_LocalEulerAnglesHint.x
      value: 0
      objectReference: {fileID: 0}
    - target: {fileID: 3733649624477357502, guid: 27fb7fa786cda224490e3e36dd237788,
        type: 3}
      propertyPath: m_LocalEulerAnglesHint.y
      value: 0
      objectReference: {fileID: 0}
    - target: {fileID: 3733649624477357502, guid: 27fb7fa786cda224490e3e36dd237788,
        type: 3}
      propertyPath: m_LocalEulerAnglesHint.z
      value: 0
      objectReference: {fileID: 0}
    - target: {fileID: 3733649624477357502, guid: 27fb7fa786cda224490e3e36dd237788,
        type: 3}
      propertyPath: m_AnchoredPosition.x
      value: 20
      objectReference: {fileID: 0}
    - target: {fileID: 3733649624477357502, guid: 27fb7fa786cda224490e3e36dd237788,
        type: 3}
      propertyPath: m_AnchoredPosition.y
      value: -40
      objectReference: {fileID: 0}
    - target: {fileID: 3733649624477357502, guid: 27fb7fa786cda224490e3e36dd237788,
        type: 3}
      propertyPath: m_SizeDelta.x
      value: 120
      objectReference: {fileID: 0}
    - target: {fileID: 3733649624477357502, guid: 27fb7fa786cda224490e3e36dd237788,
        type: 3}
      propertyPath: m_SizeDelta.y
      value: 0
      objectReference: {fileID: 0}
    - target: {fileID: 3733649624477357502, guid: 27fb7fa786cda224490e3e36dd237788,
        type: 3}
      propertyPath: m_AnchorMin.x
      value: 0
      objectReference: {fileID: 0}
    - target: {fileID: 3733649624477357502, guid: 27fb7fa786cda224490e3e36dd237788,
        type: 3}
      propertyPath: m_AnchorMin.y
      value: 1
      objectReference: {fileID: 0}
    - target: {fileID: 3733649624477357502, guid: 27fb7fa786cda224490e3e36dd237788,
        type: 3}
      propertyPath: m_AnchorMax.x
      value: 0
      objectReference: {fileID: 0}
    - target: {fileID: 3733649624477357502, guid: 27fb7fa786cda224490e3e36dd237788,
        type: 3}
      propertyPath: m_AnchorMax.y
      value: 1
      objectReference: {fileID: 0}
    - target: {fileID: 3733649624477357502, guid: 27fb7fa786cda224490e3e36dd237788,
        type: 3}
      propertyPath: m_Pivot.x
      value: 0
      objectReference: {fileID: 0}
    - target: {fileID: 3733649624477357502, guid: 27fb7fa786cda224490e3e36dd237788,
        type: 3}
      propertyPath: m_Pivot.y
      value: 1
      objectReference: {fileID: 0}
    m_RemovedComponents: []
  m_SourcePrefab: {fileID: 100100000, guid: 27fb7fa786cda224490e3e36dd237788, type: 3}
--- !u!224 &1591675783011555700 stripped
RectTransform:
  m_CorrespondingSourceObject: {fileID: 3733649624477357502, guid: 27fb7fa786cda224490e3e36dd237788,
    type: 3}
  m_PrefabInstance: {fileID: 2721953443336981706}
  m_PrefabAsset: {fileID: 0}
--- !u!114 &4067390937624546122 stripped
MonoBehaviour:
  m_CorrespondingSourceObject: {fileID: 2140358528286689152, guid: 27fb7fa786cda224490e3e36dd237788,
    type: 3}
  m_PrefabInstance: {fileID: 2721953443336981706}
  m_PrefabAsset: {fileID: 0}
  m_GameObject: {fileID: 0}
  m_Enabled: 1
  m_EditorHideFlags: 0
  m_Script: {fileID: 11500000, guid: d45a6919dfa250640a071ad41fc3cda1, type: 3}
  m_Name: 
  m_EditorClassIdentifier: 
--- !u!1001 &8626846991762238368
PrefabInstance:
  m_ObjectHideFlags: 0
  serializedVersion: 2
  m_Modification:
    m_TransformParent: {fileID: 7819737341793968037}
    m_Modifications:
    - target: {fileID: 7851546316193368638, guid: b21bd6c590555714d8df605ba0590c8c,
        type: 3}
      propertyPath: m_Name
      value: a
      objectReference: {fileID: 0}
    - target: {fileID: 7851546316193368639, guid: b21bd6c590555714d8df605ba0590c8c,
        type: 3}
      propertyPath: m_LocalPosition.x
      value: 0
      objectReference: {fileID: 0}
    - target: {fileID: 7851546316193368639, guid: b21bd6c590555714d8df605ba0590c8c,
        type: 3}
      propertyPath: m_LocalPosition.y
      value: 0
      objectReference: {fileID: 0}
    - target: {fileID: 7851546316193368639, guid: b21bd6c590555714d8df605ba0590c8c,
        type: 3}
      propertyPath: m_LocalPosition.z
      value: 0
      objectReference: {fileID: 0}
    - target: {fileID: 7851546316193368639, guid: b21bd6c590555714d8df605ba0590c8c,
        type: 3}
      propertyPath: m_LocalRotation.x
      value: -0
      objectReference: {fileID: 0}
    - target: {fileID: 7851546316193368639, guid: b21bd6c590555714d8df605ba0590c8c,
        type: 3}
      propertyPath: m_LocalRotation.y
      value: -0
      objectReference: {fileID: 0}
    - target: {fileID: 7851546316193368639, guid: b21bd6c590555714d8df605ba0590c8c,
        type: 3}
      propertyPath: m_LocalRotation.z
      value: -0
      objectReference: {fileID: 0}
    - target: {fileID: 7851546316193368639, guid: b21bd6c590555714d8df605ba0590c8c,
        type: 3}
      propertyPath: m_LocalRotation.w
      value: 1
      objectReference: {fileID: 0}
    - target: {fileID: 7851546316193368639, guid: b21bd6c590555714d8df605ba0590c8c,
        type: 3}
      propertyPath: m_RootOrder
      value: 0
      objectReference: {fileID: 0}
    - target: {fileID: 7851546316193368639, guid: b21bd6c590555714d8df605ba0590c8c,
        type: 3}
      propertyPath: m_LocalEulerAnglesHint.x
      value: 0
      objectReference: {fileID: 0}
    - target: {fileID: 7851546316193368639, guid: b21bd6c590555714d8df605ba0590c8c,
        type: 3}
      propertyPath: m_LocalEulerAnglesHint.y
      value: 0
      objectReference: {fileID: 0}
    - target: {fileID: 7851546316193368639, guid: b21bd6c590555714d8df605ba0590c8c,
        type: 3}
      propertyPath: m_LocalEulerAnglesHint.z
      value: 0
      objectReference: {fileID: 0}
    - target: {fileID: 7851546316193368639, guid: b21bd6c590555714d8df605ba0590c8c,
        type: 3}
      propertyPath: m_AnchoredPosition.x
      value: -22.5
      objectReference: {fileID: 0}
    - target: {fileID: 7851546316193368639, guid: b21bd6c590555714d8df605ba0590c8c,
        type: 3}
      propertyPath: m_AnchoredPosition.y
      value: 0
      objectReference: {fileID: 0}
    - target: {fileID: 7851546316193368639, guid: b21bd6c590555714d8df605ba0590c8c,
        type: 3}
      propertyPath: m_SizeDelta.x
      value: -85
      objectReference: {fileID: 0}
    - target: {fileID: 7851546316193368639, guid: b21bd6c590555714d8df605ba0590c8c,
        type: 3}
      propertyPath: m_SizeDelta.y
      value: 30
      objectReference: {fileID: 0}
    - target: {fileID: 7851546316193368639, guid: b21bd6c590555714d8df605ba0590c8c,
        type: 3}
      propertyPath: m_AnchorMin.x
      value: 0
      objectReference: {fileID: 0}
    - target: {fileID: 7851546316193368639, guid: b21bd6c590555714d8df605ba0590c8c,
        type: 3}
      propertyPath: m_AnchorMin.y
      value: 1
      objectReference: {fileID: 0}
    - target: {fileID: 7851546316193368639, guid: b21bd6c590555714d8df605ba0590c8c,
        type: 3}
      propertyPath: m_AnchorMax.x
      value: 1
      objectReference: {fileID: 0}
    - target: {fileID: 7851546316193368639, guid: b21bd6c590555714d8df605ba0590c8c,
        type: 3}
      propertyPath: m_AnchorMax.y
      value: 1
      objectReference: {fileID: 0}
    - target: {fileID: 7851546316193368639, guid: b21bd6c590555714d8df605ba0590c8c,
        type: 3}
      propertyPath: m_Pivot.x
      value: 0.5
      objectReference: {fileID: 0}
    - target: {fileID: 7851546316193368639, guid: b21bd6c590555714d8df605ba0590c8c,
        type: 3}
      propertyPath: m_Pivot.y
      value: 1
      objectReference: {fileID: 0}
    - target: {fileID: 7851546316193368637, guid: b21bd6c590555714d8df605ba0590c8c,
        type: 3}
      propertyPath: m_Text
      value: 
      objectReference: {fileID: 0}
    m_RemovedComponents: []
  m_SourcePrefab: {fileID: 100100000, guid: b21bd6c590555714d8df605ba0590c8c, type: 3}
--- !u!224 &1967787609498919327 stripped
RectTransform:
  m_CorrespondingSourceObject: {fileID: 7851546316193368639, guid: b21bd6c590555714d8df605ba0590c8c,
    type: 3}
  m_PrefabInstance: {fileID: 8626846991762238368}
  m_PrefabAsset: {fileID: 0}
--- !u!114 &1967787609498919324 stripped
MonoBehaviour:
  m_CorrespondingSourceObject: {fileID: 7851546316193368636, guid: b21bd6c590555714d8df605ba0590c8c,
    type: 3}
  m_PrefabInstance: {fileID: 8626846991762238368}
  m_PrefabAsset: {fileID: 0}
  m_GameObject: {fileID: 0}
  m_Enabled: 1
  m_EditorHideFlags: 0
  m_Script: {fileID: 11500000, guid: b091c5d61726cc947b71e2530f940821, type: 3}
  m_Name: 
  m_EditorClassIdentifier: 
